% bib tex file

% get used to different bibliography elements like @article, @book, @inproceedings, @incollection etc. and use them accordingly
\begin{thebibliography}{9}


@article{JosephEliza1966,
Title={ELIZA--A Computer Program For the Study of Natural Language Communication Between Man and Machine},
Author={Joseph Weizenbaum},
year={1966}
}

@article{Colby1972,
title={PARRY: The AI chatbot from 1972},
Author={Kenneth Colby},
Year={1995-07-24},
publisher={Stanford University}
}

@article{Richard,
title={The Anatomy of A.L.I.C.E.},
Author={ Richard Wallace},
year={1995}
}

@article{Lorenz2017,
Titile={The Rise of Bots: A Survey of Conversational Interfaces, Patterns, and Paradigms},
Author={Lorenz Cuno Klopfenstein,Saverio Delpriori,Silvia Malatini,Alessandro Bogliolo},
year={2017}
}

@article{ankit2016,
title={ask me anything:dynamic memory network for natural language processing},
author={Ankit Kumar, Peter, mohit Iyyer, James, Ishaan, Victor},
year={2016},
organization={metamind}
}

@article{haptik2016,
title={survey on chatbots},
year={2016},
organization={Haptik Inc.},
link={https://goo.gl/T4SuUa}
}

@article{Minghui2018,
title={Transfer Learning for Context-Aware Question Matching in Information-seeking Conversations in E-commerce},
author={Minghui Qiu, Liu Yang, Feng Ji, Weipeng Zhao, Wei Zhou Jun Huang, Haiqing Chen, W. Bruce Croft, Wei Lin},
year={2018},
organization={Alibaba}
}


@article{Niraj,
title={chatbot - A conversational AI},
author={Niraj dev pandey,Nils Westphal, Jonas Falkner},
year ={2018-19},
url={https://github.com/nirajdevpandey/chat-bot}
}

@article{lu2012,
  title={Recommender systems},
  author={L{\"u}, Linyuan and Medo, Mat{\'u}{\v{s}} and Yeung, Chi Ho and Zhang, Yi-Cheng and Zhang, Zi-Ke and Zhou, Tao},
  journal={Physics Reports},
  volume={519},
  number={1},
  pages={1--49},
  year={2012},
  publisher={Elsevier}
}

@incollection{igual2017,
  title={Supervised Learning},
  author={Igual, Laura and Segu{\'\i}, Santi},
  booktitle={Introduction to Data Science},
  pages={67--96},
  year={2017},
  publisher={Springer}
}

@article{YuWu2017,
title={Sequential Matching Network: A New Architecture for Multi-turn Response Selection in Retrieval-based Chatbots},
author={Yu Wu, Wei Wu, Chen Xing, Ming Zhou, Zhoujun Li},
journal={ACL 2017},
year ={2017}
}

@article{JianfengGao2018,
title={Neural Approaches to Conversational AI},
author={Jianfeng Gao ,Michel Galley, Lihong Li},
year={2018}
}

@inproceedings{buck18,
  author    = {Christian Buck and
               Jannis Bulian and
               Massimiliano Ciaramita and
               Andrea Gesmundo and
               Neil Houlsby and
               Wojciech Gajewski and
               Wei Wang},
  title     = {Ask the Right Questions: Active Question Reformulation with Reinforcement
               Learning},
  booktitle = {Sixth International Conference on Learning Representations (ICLR)},
  year      = {2018},
  month     = {May},
  address   = {Vancouver, Canada},
  url       = {https://openreview.net/forum?id=S1CChZ-CZ}
}

@article{alexander2007,
title={mannually vs automatic labelled data},
author={AlexanderMehler, Christian Wolff},
year={2007}
}

@article{Minghui2017,
title={AliMe Chat: A Sequence to Sequence and Rerank based Chatbot Engine},
author={Minghui Qiu, Feng-Lin Li, Siyu Wang and Xing Gao, Yan Chen and Weipeng Zhao, Haiqing Chen, Jun Huang and Wei Chu},
organization={Alibaba}
}

@inproceedings{peffers2006,
  title={The design science research process: a model for producing and presenting information systems research},
  author={Peffers, Ken and Tuunanen, Tuure and Gengler, Charles E and Rossi, Matti and Hui, Wendy and Virtanen, Ville and Bragge, Johanna},
  booktitle={Proceedings of the first international conference on design science research in information systems and technology (DESRIST 2006)},
  pages={83--106},
  year={2006},
  organization={sn}
}
\bibitem{Raymond} 
 Raymond
title={Mining Knowledge from Text Using Information Extraction},
author={Raymond J. Mooney and Razvan Bunescu},
year={2005},
booktitle={ACM SIGKDD exploration newsletter}
}


\end{thebibliography}





